% Encoding: UTF-8

@Article{dehak2010front,
  author    = {Dehak, Najim and Kenny, Patrick J and Dehak, R{\'e}da and Dumouchel, Pierre and Ouellet, Pierre@inproceedings{snyder2018x, title={X-vectors: Robust dnn embeddings for speaker recognition}, author={Snyder, David and Garcia-Romero, Daniel and Sell, Gregory and Povey, Daniel and Khudanpur, Sanjeev}, booktitle={2018 IEEE International Conference on Acoustics, Speech and Signal Processing (ICASSP)}, pages={5329--5333}, year={2018}, organization={IEEE}}},
  journal   = {IEEE Transactions on Audio, Speech, and Language Processing},
  title     = {Front-end factor analysis for speaker verification},
  year      = {2010},
  number    = {4},
  pages     = {788--798},
  volume    = {19},
  publisher = {IEEE},
}
@inproceedings{snyder2018x,
  title={X-vectors: Robust dnn embeddings for speaker recognition},
  author={Snyder, David and Garcia-Romero, Daniel and Sell, Gregory and Povey, Daniel and Khudanpur, Sanjeev},
  booktitle={2018 IEEE International Conference on Acoustics, Speech and Signal Processing (ICASSP)},
  pages={5329--5333},
  year={2018},
  organization={IEEE}
}@article{alam2015speech,
  title={Speech recognition in reverberant and noisy environments employing multiple feature extractors and i-vector speaker adaptation},
  author={Alam, Md Jahangir and Gupta, Vishwa and Kenny, Patrick and Dumouchel, Pierre},
  journal={EURASIP Journal on Advances in Signal Processing},
  volume={2015},
  number={1},
  pages={1--13},
  year={2015},
  publisher={Springer}
}@inproceedings{garimella2015robust,
  title={Robust i-vector based adaptation of DNN acoustic model for speech recognition},
  author={Garimella, Sri and Mandal, Arindam and Strom, Nikko and Hoffmeister, Bjorn and Matsoukas, Spyros and Parthasarathi, Sree Hari Krishnan},
  booktitle={Sixteenth Annual Conference of the International Speech Communication Association},
  year={2015}
}@inproceedings{chuang2019speaker,
  title={Speaker-Aware Deep Denoising Autoencoder with Embedded Speaker Identity for Speech Enhancement.},
  author={Chuang, Fu-Kai and Wang, Syu-Siang and Hung, Jeih-weih and Tsao, Yu and Fang, Shih-Hau},
  booktitle={Interspeech},
  pages={3173--3177},
  year={2019}
}
@Comment{jabref-meta: databaseType:bibtex;}
